@misc{gartner_mobile_grow,
    title={{Gartner Says Worldwide PC, Tablet and Mobile Phone Shipments to Grow 5.9 Percent in 2013 as Anytime-Anywhere-Computing Drives Buyer Behavior}},
    note={\url{https://www.gartner.com/newsroom/id/2525515}},
    year={2013}
}

@misc{wikipedia_raspberry_pi,
	    title={{Wikipedia - Raspberry Pi}},
    note={\url{https://en.wikipedia.org/wiki/Raspberry_Pi}},
    year={2015}
}

@misc{osmc,
	    title={{OSMC Mediacenter}},
    note={\url{https://osmc.tv/}},
    year={2015}
}

@misc{retropie,
	title={{Retropie}},
    note={\url{http://blog.petrockblock.com/retropie/}},
    year={2015}
}

@misc{chibios_jitter,
	title={{Response Time and Jitter}},
    note={\url{http://www.chibios.org/dokuwiki/doku.php?id=chibios:articles:jitter}},
    year={2015}
}

@misc{arm_peripherals_manual,
	    title={{BCM2835 ARM Peripherals}},
    note={\url{http://www.raspberrypi.org/wp-content/uploads/2012/02/BCM2835-ARM-Peripherals.pdf}},
    year={2012}
}

@misc{pi4j,
	title={{PI4J}},
    note={\url{http://pi4j.com/}},
    year={2015}
}

@misc{raspbian,
	title={{Raspbian OS}},
    note={\url{https://www.raspbian.org/}},
    year={2015}
}

@misc{archlinux_arm,
	title={{Archlinux ARM for Raspberry-Pi}},
	note:={\url{http://archlinuxarm.org/platforms/armv6/raspberry-pi}},
	year={2015}
}

@misc{openelec,
	title={{OpenElec}},
	note={http://openelec.tv/get-openelec},
	year={2015}
}

@misc{kali,
	title={{Kali Linux}},
	note={\url{http://docs.kali.org/kali-on-arm/install-kali-linux-arm-raspberry-pi}},
	year={2015}
}

@misc{freertos,
	title={{FreeRTOS}},
	note={\url{http://www.osrtos.com/rtos/freertos}},
	year={2015}
}

@misc{yagarto,
	title={{Yagarto ARM Cross-Compiler}},
	note={\url{http://www.yagarto.org/}},
	year={2015}
}

@misc{cygwin,
	title={{Cygwin environment}},
	note={\url{https://www.cygwin.com/}},
	year={2015}
}

@book{tdd,
  title={Test-Driven Development by Example},
  author={Beck, Kent},
  year={2003},
  publisher={"Addison-Wesley Professional"}
}

@misc{llvm,
	title={{Low Level Virtual Machine}},
	note={\url{http://llvm.org/}},
	year={2015}
}

@book{ieee_software_requirement_specification,
  title={{IEEE recommended practice for software requirements specifications}},
  author={IEEE Computer Society. Software Engineering Technology Committee and Institute of Electrical and Electronics Engineers},
  isbn={9781559373951},
  url={https://books.google.es/books?id=CnopAQAAMAAJ},
  year={1994},
  month=oct,
  publisher={Institute of Electrical and Electronics Engineers}
}


@book{spiral_development,
  title={{Spiral Development: Experience, Principles, and Refinements Spiral Development Workshop February 9, 2000}},
  author={Barry Boehm},
  url={https://resources.sei.cmu.edu/library/asset-view.cfm?assetid=5053},
  year={2000},
  month=jul,
  publisher={Software Engineering Institute}
}

@misc{amortizacion_2015,
    title={{Nuevas Tablas de amortización 2015}},
    note={\url{http://www.ficolsa.com/buzon-clientes-2/90-fiscalidad/202-amortizacion-2015.html}},
    year={2015}
}

@misc{ley_impuesto_sobre_sociedades,
    title={{Nuevas Tablas de amortización 2015}},
    note={\url{http://www.ficolsa.com/buzon-clientes-2/90-fiscalidad/202-amortizacion-2015.html}},
    year={2015}
}

@misc{macbookpro_13_2013_energy_consumption,
    title={{13-inch MacBook Pro - Environmental Report}},
    note={\url{https://www.apple.com/environment/pdf/products/notebooks/13inch_MBP_PER_Oct2013.pdf}},
    year={2014}
}

@misc{raspberry_pi_bplus_energy_consumption,
    title={{How Much Less Power does the Raspberry Pi B+ use than the old model B?}},
    note={\url{http://raspi.tv/2014/how-much-less-power-does-the-raspberry-pi-b-use-than-the-old-model-b}},
    year={2013}
}

@misc{tarifas_gas_luz,
    title={{Tarifa fija anual 2014}},
    note={\url{http://tarifasgasluz.com/faq/tarifa-fija-anual-2014}},
    year={2014}
}

@misc{osdev_raspberry_pi,
    title={{ARM RaspberryPi}},
    note={\url{http://wiki.osdev.org/ARM_RaspberryPi}},
    year={2015}
}

@misc{osdev_rpi_bare_bone,
    title={{Raspberry Pi Bare Bones}},
    note={\url{http://wiki.osdev.org/Raspberry_Pi_Bare_Bones}},
    year={2015}
}

@misc{uart,
    title={{Universal asynchronous receiver/transmitter}},
    note={\url{https://en.wikipedia.org/wiki/Universal_asynchronous_receiver/transmitter}},
    year={2015}
}

@misc{firmware_boot,
    title={{Github Raspberry Pi Firmware}},
    note={\url{https://github.com/raspberrypi/firmware/tree/master/boot}},
    year={2015}
}

@misc{mailbox,
    title={{Mailboxes}},
    note={\url{https://github.com/raspberrypi/firmware/wiki/Mailboxes}},
    year={2015}
}


@book{ritchie_UNIX,
  title={{The UNIX Time-Sharing System}},
  author={Dennis M. Ritchie and Ken Thompson },
  url={http://delivery.acm.org/10.1145/370000/361061/p365-ritchie.pdf},
  year={1974},
  month=jul,
  publisher={Bell Laboratories}
}


@misc{config_txt,
    title={{Config.txt}},
    note={\url{https://www.raspberrypi.org/documentation/configuration/config-txt.md}},
    year={2015}
}


@book{xinu_biggers,
  title={{Porting the Embedded Xinu Operating System to the Raspberry Pi}},
  author={Eric Biggers},
  url={http://digitalcommons.macalester.edu/cgi/viewcontent.cgi?article=1035&context=mathcs_honors},
  year={2014},
  month=may,
  publisher={Macalester College}
}

@book{ritchie_c,
  title={{The C Programming Language}},
  author={Brian Kernighan and Dennis Ritchie},
  year={1978},
  publisher={Prentice Hall}
}